@article{ mckinney-proc-scipy-2010,
  author    = { Wes McKinney },
  title     = { Data Structures for Statistical Computing in Python },
  booktitle = { Proceedings of the 9th Python in Science Conference },
  pages     = { 56 - 61 },
  year      = { 2010 },
  editor    = { Stefan van der Walt and Jarrod Millman },
  doi       = { 10.25080/Majora-92bf1922-00a }
}